
@article{xuke13,
	title={Hierarchical Bayesian inference in the visual cortex},
	author={ Lee, T. S.  and  Mumford, D. },
	journal={Journal of the Optical Society of America},
	volume={20},
	number={7},
	pages={1434-48},
	year={2003},
}

@article{xuke15,
	title={A quantitative theory of immediate visual recognition},
	author={ Serre, T.  and  Kreiman, G.  and  Kouh, M.  and  Cadieu, C.  and  Knoblich, U.  and  Poggio, T. },
	journal={Progress in Brain Research},
	volume={165},
	number={6},
	pages={33-56},
	year={2007},
}

@article{xuke17,
	title={Pattern Classification: Wiley-Interscience.},
	author={ Duda, R.  and  Hart, P.  and  Stork, D. },
	year={2000},
}

@article{perceptronlimit,
	title={Perceptrons : An Introduction to Computational Geometry},
	author={Minsky and Marvin and Papert and Seymour},
	year={1969},
}

@phdthesis{deeplearning1,
	title={基于卷积神经网络的深度学习算法与应用研究},
	author={陈先昌},
	school={浙江工商大学},
	year={2014},
}

@article{hebb,
	title={The Organization of Behavior},
	author={Hebb and  Donald, O. },
	year={1949},
}

@article{perceptron,
	title={The perceptron - a perceiving and recognizing automaton},
	author={ Rosenblatt, F. },
	year={1957},
}

@book{adaline,
	title={Associative Storage and Retrieval of Digital Information in Networks of Adaptive "Neurons"},
	author={ Widrow, B.  and  Hoff, M. E. },
	publisher={Biological Prototypes and Synthetic Systems},
	year={1962},
}

@article{bp,
	title={Neural networks and physical systems with emergent collective computational abilities.},
	author={Hopfield and J. and J.},
	journal={Proceedings of the National Academy of Sciences},
	year={1982},
}

@article{lstm,
	title={Long Short-Term Memory},
	author={ Hochreiter, S.  and  Schmidhuber, J. },
	journal={Neural Computation},
	volume={9},
	number={8},
	pages={1735-1780},
	year={1997},
}

@article{neocognitron,
	title={Neocognitron: A self-organizing neural network model for a mechanism of pattern recognition unaffected by shift in position},
	author={ Fukushima, K. },
	journal={Biological Cybernetics},
	volume={36},
	number={4},
	pages={193-202},
	year={1980},
}

@inproceedings{LeNet,
	title={Generalization and Network Design Strategies},
	author={ Lecun, Y. },
	booktitle={Connectionism in Perspective},
	year={1989},
}

@online{cnnjieshao,
	author= {谭庆波},
	year  = {2020},
	title = {机器学习与图像处理, {卷积神经网络详解}},
	url  =  {https://zhuanlan.zhihu.com/p/47184529}, 
}

@article{lenet5use,
	title={Gradient-based learning applied to document recognition},
	author={ Lecun, Y.  and  Bottou, L. },
	journal={Proceedings of the IEEE},
	volume={86},
	number={11},
	pages={2278-2324},
	year={1998},
}

@article{backdoordisanfang,
	title={Backdoor Learning: A Survey},
	author={ Li, Y.  and  Wu, B.  and  Jiang, Y.  and  Li, Z.  and  Xia, S. T. },
	year={2020},
}

@inproceedings{NCfa,
	title={Neural Cleanse: Identifying and Mitigating Backdoor Attacks in Neural Networks},
	author={ Wang, B.  and  Yao, Y.  and  Shan, S.  and  Li, H.  and  Zhao, B. Y. },
	booktitle={2019 IEEE Symposium on Security and Privacy (SP)},
	year={2019},
}

@article{ACfa,
	title={Detecting Backdoor Attacks on Deep Neural Networks by Activation Clustering},
	author={ Chen, B.  and  Carvalho, W.  and  Baracaldo, N.  and  Ludwig, H.  and  Edwards, B.  and  Lee, T.  and  Molloy, I.  and  Srivastava, B. },
	year={2018},
}

@article{sentinet,
	title={SentiNet: Detecting Physical Attacks Against Deep Learning Systems},
	author={ Chou, E.  and F Tramèr and  Pellegrino, G. },
	year={2018},
}

@inproceedings{STRIP,
	title={STRIP: A Defence Against Trojan Attacks on Deep Neural Networks},
	author={ Gao, Yansong  and  Xu, Chang  and  Wang, Derui  and  Chen, Shiping  and  Ranasinghe, Damith C  and  Nepal, Surya },
	year={2019},
}

@article{scanfa,
	title={Demon in the Variant: Statistical Analysis of DNNs for Robust Backdoor Contamination Detection},
	author={ Tang, D.  and  Wang, X. F.  and  Tang, H.  and  Zhang, K. },
	year={2019},
}

@article{cnnyoushi,
	title={卷积神经网络研究综述},
	author={周飞燕 and 金林鹏 and 董军},
	journal={计算机学报},
	volume={40},
	number={6},
	pages={23},
	year={2017},
}

@article{cnnyoushi2,
	title={深度学习研究综述},
	author={孙志军 and 薛磊 and 许阳明 and 王正},
	journal={计算机应用研究},
	volume={29},
	number={8},
	pages={5},
	year={2012},
}

@article{alexnetyoushi,
	title={卷积神经网络研究综述},
	author={李彦冬 and 郝宗波 and 雷航},
	journal={计算机应用},
	volume={36},
	number={009},
	pages={2508-2515},
	year={2016},
}

@article{cnnyoushi3,
	title={图像理解中的卷积神经网络},
	author={常亮 and 邓小明 and 周明全 and 武仲科 and 袁野 and 杨硕 and 王宏安},
	journal={自动化学报},
	volume={42},
	number={9},
	pages={13},
	year={2016},
}

@article{qiancengxuexi,
	title={复杂环境下的机器学习研究专刊前言},
	author={胡清华 and 张道强 and 张长水},
	journal={软件学报},
	volume={28},
	number={11},
	pages={3},
	year={2017},
}

@article{yingyonglingyu,
	title={深度学习在图像识别中的应用研究综述},
	author={郑远攀 and 李广阳 and 李晔},
	journal={计算机工程与应用},
	volume={55},
	number={12},
	pages={17},
	year={2019},
}

@article{pingyibubianxing,
	title={机器学习及其算法和发展研究},
	author={张润 and 王永滨},
}